<collection xmlns="http://www.loc.gov/MARC21/slim">
<record>
  <leader>02012nam0a2200337 i 450 </leader>
  <controlfield tag="001">IT\ICCU\CNCE\049266</controlfield>
  <controlfield tag="005">20080201000000.0</controlfield>
  <datafield tag="012" ind1=" " ind2=" ">
    <subfield code="a">i-o- .1** a-er Crpu (3) 1584 (R)</subfield>
    <subfield code="2">fei</subfield>
  </datafield>
  <datafield tag="100" ind1=" " ind2=" ">
    <subfield code="a">19991011d1584        0itac0103    ba</subfield>
  </datafield>
  <datafield tag="101" ind1=" " ind2=" ">
    <subfield code="a">LAT</subfield>
  </datafield>
  <datafield tag="102" ind1=" " ind2=" ">
    <subfield code="a">IT</subfield>
  </datafield>
  <datafield tag="200" ind1="1" ind2=" ">
    <subfield code="a">Dispregio della vanit ̉del mondo del r.p.f Diego d&apos;Estella dell&apos;Ordine di san Francesco osseruante, terza parte. Tradotto dalla lingua spagnuola nella toscana dal r.m. Pietro Buonfanti, piouano di Bibbiena. Nuouamente corretto, et ristampato con la sua tauola</subfield>
  </datafield>
  <datafield tag="210" ind1=" " ind2=" ">
    <subfield code="a">In Fiorenza</subfield>
    <subfield code="c">appresso Giorgio Marescotti</subfield>
    <subfield code="d">1584</subfield>
    <subfield code="e">In Fiorenza</subfield>
    <subfield code="g">appresso Giorgio Marescotti</subfield>
  </datafield>
  <datafield tag="215" ind1=" " ind2=" ">
    <subfield code="a">\16!, 574 p.</subfield>
    <subfield code="d">12ʻ</subfield>
  </datafield>
  <datafield tag="620" ind1=" " ind2=" ">
    <subfield code="a">IT</subfield>
    <subfield code="d">Firenze</subfield>
  </datafield>
  <datafield tag="700" ind1=" " ind2="1">
    <subfield code="a">Estella,</subfield>
    <subfield code="b">Diego</subfield>
    <subfield code="3">IT\ICCU\CNCA\004821</subfield>
  </datafield>
  <datafield tag="702" ind1=" " ind2="1">
    <subfield code="a">Buonfanti,</subfield>
    <subfield code="b">Pietro</subfield>
    <subfield code="3">IT\ICCU\CNCA\002118</subfield>
  </datafield>
  <datafield tag="712" ind1="0" ind2="0">
    <subfield code="a">Marescotti, Giorgio</subfield>
    <subfield code="3">IT\ICCU\CNCT\000049</subfield>
    <subfield code="4">650</subfield>
  </datafield>
  <datafield tag="790" ind1=" " ind2="0">
    <subfield code="a">Diego</subfield>
    <subfield code="c"> : de#Estella</subfield>
    <subfield code="3">IT\ICCU\CNCA\004822</subfield>
    <subfield code="z">Estella, Diego</subfield>
  </datafield>
  <datafield tag="790" ind1=" " ind2="1">
    <subfield code="a">Stella,</subfield>
    <subfield code="b">Didacus</subfield>
    <subfield code="3">IT\ICCU\CNCA\004823</subfield>
    <subfield code="z">Estella, Diego</subfield>
  </datafield>
  <datafield tag="790" ind1=" " ind2="1">
    <subfield code="a">Didacus,</subfield>
    <subfield code="b">Stella</subfield>
    <subfield code="3">IT\ICCU\CNCA\020699</subfield>
    <subfield code="z">Estella, Diego</subfield>
  </datafield>
  <datafield tag="791" ind1="0" ind2="0">
    <subfield code="a">Mariscotti, Giorgio</subfield>
    <subfield code="3">IT\ICCU\CNCT\005030</subfield>
    <subfield code="z">Marescotti, Giorgio</subfield>
  </datafield>
  <datafield tag="791" ind1="0" ind2="0">
    <subfield code="a">Marescottus, Georgius</subfield>
    <subfield code="3">IT\ICCU\CNCT\005031</subfield>
    <subfield code="z">Marescotti, Giorgio</subfield>
  </datafield>
  <datafield tag="791" ind1="0" ind2="0">
    <subfield code="a">Marescotus, Georgius</subfield>
    <subfield code="3">IT\ICCU\CNCT\005032</subfield>
    <subfield code="z">Marescotti, Giorgio</subfield>
  </datafield>
  <datafield tag="801" ind1=" " ind2="3">
    <subfield code="a">IT</subfield>
    <subfield code="b">ICCU</subfield>
    <subfield code="c">20201115</subfield>
  </datafield>
  <datafield tag="899" ind1=" " ind2=" ">
    <subfield code="a">Biblioteca civica Aprosiana. Ventimiglia</subfield>
    <subfield code="1">IM0038</subfield>
    <subfield code="2">LI3 VM</subfield>
  </datafield>
  <datafield tag="899" ind1=" " ind2=" ">
    <subfield code="a">Biblioteca diocesana. Todi</subfield>
    <subfield code="1">PG0173</subfield>
    <subfield code="2">PBE 33</subfield>
  </datafield>
  <datafield tag="911" ind1=" " ind2=" ">
    <subfield code="a">Nel coloph.</subfield>
    <subfield code="9">IT\ICCU\CNCM\000035</subfield>
  </datafield>
  <datafield tag="911" ind1=" " ind2=" ">
    <subfield code="a">Sul front.</subfield>
    <subfield code="9">IT\ICCU\CNCM\001185</subfield>
  </datafield>
  <datafield tag="921" ind1=" " ind2=" ">
    <subfield code="a">IT\ICCU\CNCM\000035</subfield>
    <subfield code="b">Nave a vele spiegate passa rasente gli scogli. Nel fregio al centro in basso iniziali G.M.</subfield>
    <subfield code="e">Et vult et potest.</subfield>
    <subfield code="c">A59</subfield>
    <subfield code="c">Z889</subfield>
    <subfield code="d">Dimensioni: 4,5 x 5,5</subfield>
    <subfield code="f">ETVULTETPO</subfield>
    <subfield code="f">MARE</subfield>
    <subfield code="f">SCOGLI</subfield>
    <subfield code="f">TEMPESTA</subfield>
    <subfield code="f">VELIERO</subfield>
    <subfield code="g">1572-1600</subfield>
  </datafield>
  <datafield tag="921" ind1=" " ind2=" ">
    <subfield code="a">IT\ICCU\CNCM\001185</subfield>
    <subfield code="b">Nave a vele spiegate passa rasente gli scogli. Nel fregio al centro in basso iniziali G.M. In cornice figurata</subfield>
    <subfield code="e">Et vult et potest.</subfield>
    <subfield code="c">U198</subfield>
    <subfield code="d">Dimensioni: 3,5 x 4</subfield>
    <subfield code="f">NAVE</subfield>
    <subfield code="g">1584-1599</subfield>
  </datafield>
</record>
</collection>
